@ARTICLE{Rasmussen,
AUTHOR = {Matthew D. Rasmussen and Manolis Kellis},
TITLE = {Accurate gene-tree reconstruction by learning gene and species-specific substitution rates across multiple complete genomes},
JOURNAL = {Genome Res},
YEAR = {2007},
MONTH = {Dec},
VOLUME = {17},
NUMBER = {12}, 
PAGES = {1932-1942},
KEY = {1} 
}

@ARTICLE{Zmasek,
AUTHOR = {Zmasek C.M. and Eddy S.R.},
TITLE = {Analyzing proteomes by automated phylogenomics using resampled inference of orthologs},
YEAR = {2002},
JOURNAL = {BMC Bioinformatics}, 
VOLUME = {3},
NUMBER = {14},
URL = {http://www.genetics.wustl.edu/eddy/forester/},
KEY = {2}
}

@ARTICLE{Storm,
AUTHOR = {Storm, C.E.V. and E.L.L. Sonnhammer},
TITLE = {Automated Ortholog Inference from Phylogenetic Trees and Calculation of Orthology Reliability},
JOURNAL = {Bioinformatics}, 
VOLUME = {18}, 
NUMBER = {1}, 
PAGES = {92-99}, 
YEAR = {2002},
MONTH = {Jan},
KEY = {3}
} 

@ARTICLE{Li,
AUTHOR = {Li H and Coghlan A and Ruan J and Coin LJ and Heriche JK and Osmotherly L and Li R and Liu T and Zhang Z and Bolund L and Wong GK and Zheng W and DEhal P and Wang J and Durbin R},
TITLE = {TreeFam: a Curated Database of Phylogenetic Trees of Animal Gene Families},
JOURNAL = {Nucleic Acids Res}, 
VOLUME = {34}, 
YEAR = {2006},
KEY = {4}
}
 
@ARTICLE{Arvestad,
AUTHOR = {Arvestad L. and Berglund A. and Lagergren J. and Sennblad B.},
TITLE = {Bayesian gene/species tree reconciliation and orthology analysis using MCMC},
YEAR = {2003}, 
JOURNAL = {Bioinformatics}, 
VOLUME = {19 Suppl 1},
KEY = {5}
} 
  

@ARTICLE{Hollich, 
AUTHOR = {Hollich V. and Milchert L. and Arvestad L. and Sonnhammer E.}, 
TITLE = {Assessment of protein distance measures and tree-building methods for phylogenetic tree reconstruction}, 
JOURNAL = {Mol Biol Evol}, 
YEAR = {2005}, 
VOLUME = {22}, 
PAGES = {2257-2264}, 
KEY = {6}
}

@ARTICLE{Wapinski,
AUTHOR = {Wapinski and I. A. Pfeffer and N. Friedman and A. Regev},
TITLE = {Automatic genome-wide reconstruction of phylogenetic gene trees},
JOURNAL = {Bioinformatics}, 
YEAR = 2007, 
VOLUME = 23, 
NUMBER = 13,
PAGES = {i549-i558},
KEY = 7
}   


@ARTICLE{Akerborg, 
AUTHOR = {Akerborg, O. and B. Sennblad and L. Arvestad and J. Lagergren},
TITLE = {Bayesian gene tree reconstruction and reconciliation analysis},
JOURNAL = {Proc Natl Acad Sci},
YEAR = {2009},
MONTH = {Apr}, 
VOLUME = {106},
NUMBER = {14},
PAGES = {5714-5719},
KEY = {8}
}

@ARTICLE{Rasmussen2011,
AUTHOR = {Rasmussen, M. D. and M. Kellis},
TITLE = {A bayesian approach for fast and accurate gene tree reconstruction},
YEAR = {2011},
MONTH = {Jan},
JOURNAL = { Mol Biol Evol},
VOLUME = { 28},
NUMBER = {1},
PAGES = { 273â€“290},
KEY = {8}
}
